<record><leader>00000cas a22000007a 4500</leader><controlfield tag="001">20498590</controlfield><controlfield tag="008">891017d189u1908mduwr ne      0    0eng d</controlfield><datafield ind1=" " ind2=" " tag="010"><subfield code="a">sn 89060207 </subfield></datafield><datafield ind1=" " ind2=" " tag="040"><subfield code="a">MFN</subfield><subfield code="b">eng</subfield><subfield code="c">MFN</subfield><subfield code="d">OCLCQ</subfield></datafield><datafield ind1=" " ind2=" " tag="042"><subfield code="a">msc</subfield></datafield><datafield ind1="0" ind2=" " tag="130"><subfield code="a">Maryland Republican (Annapolis, Md. : 1894)</subfield></datafield><datafield ind1="1" ind2="0" tag="245"><subfield code="a">Maryland Republican.</subfield></datafield><datafield ind1=" " ind2=" " tag="260"><subfield code="a">Annapolis, Md. :</subfield><subfield code="b">Robt. Moss, F. Eugene Wathen</subfield></datafield><datafield ind1=" " ind2=" " tag="300"><subfield code="a">v.</subfield></datafield><datafield ind1=" " ind2=" " tag="310"><subfield code="a">Weekly</subfield></datafield><datafield ind1="1" ind2=" " tag="362"><subfield code="a">Ceased in 1908.</subfield></datafield><datafield ind1=" " ind2=" " tag="588"><subfield code="a">Description based on: New vol. 27, no. 32 (Feb. 3, 1894).</subfield></datafield><datafield ind1=" " ind2=" " tag="752"><subfield code="a">United States</subfield><subfield code="b">Maryland</subfield><subfield code="c">Anne Arundel</subfield><subfield code="d">Annapolis.</subfield></datafield><datafield ind1="0" ind2="0" tag="780"><subfield code="t">Maryland Republican and state journal</subfield></datafield><datafield ind1="0" ind2="7" tag="785"><subfield code="t">Advertiser (Annapolis, Md.)</subfield><subfield code="w">(DLC)sn 89060261</subfield></datafield><datafield ind1="0" ind2="7" tag="785"><subfield code="t">Advertiser-Republican (Annapolis, Md.)</subfield><subfield code="w">(DLC)sn 90057004</subfield></datafield></record>